
@article{Ramsin1959,
	title={The truck dispatching problem},
	author={Dantzig,PaoloVigo George B and Ramser, John H},
	journal={Management science},
	volume={6},
	number={1},
	pages={80--91},
	year={1959},
	publisher={Informs}
}

@book{PaoloVigo,
	title={The vehicle routing problem},
	author={Paolo Toth and Daniele Vigo},
	year={2002},
	publisher={SIAM }
}

@article{Hinton1995,
	title={The "wake-sleep" algorithm for unsupervised neural networks.},
	author={Geoffrey E. Hinton and Peter Dayan and Brendan J. Frey and R M Neal},
	journal={Science},
	year={1995},
}

@inproceedings{HottungBT21,
	author    = {Andr√© Hottung and Bhanu Bhandari and
	Kevin Tierney},
	title     = {Learning a Latent Search Space for Routing Problems using Variational
	Autoencoders},
	booktitle = {9th International Conference on Learning Representations, {ICLR} 2021,
	Virtual Event, Austria, May 3-7, 2021},
	publisher = {OpenReview.net},
	year      = {2021},
	url       = {https://openreview.net/forum?id=90JprVrJBO},
	timestamp = {Wed, 23 Jun 2021 17:36:39 +0200},
	biburl    = {https://dblp.org/rec/conf/iclr/HottungBT21.bib},
	bibsource = {dblp computer science bibliography, https://dblp.org}
}

@book{Chollet,
	title={Deep Learning with Python},
	author={Francois Chollet},
	year={2018},
	publisher={Manning Publications Co.}
}

@book{BengioGood,
	title={Deep Learning},
	author={Ian Goodfellow and Yoshua Bengio and Aaron Courville},
	publisher={MIT Press},
	note={\url{http://www.deeplearningbook.org}},
	year={2016}
}

@book{PeterNorvig,
	author    = {Stuart J. Russell and
	Peter Norvig},
	title     = {Artificial Intelligence: {A} Modern Approach (4th Edition)},
	publisher = {Pearson},
	year      = {2020},
	url       = {http://aima.cs.berkeley.edu/},
	isbn      = {9780134610993},
	timestamp = {Thu, 20 May 2021 08:27:41 +0200},
	biburl    = {https://dblp.org/rec/books/aw/RN2020.bib},
	bibsource = {dblp computer science bibliography, https://dblp.org}
}

@book{Advanced,
	title={Advanced Deep Learning with Keras},
	author={Rowel Atienza},
	year={2018},
	publisher={Packt Publishing Ltd.},
	
}

@inproceedings{BengioGSN2014,
	author    = {Yoshua Bengio and 	Eric Laufer and Guillaume Alain and 	Jason Yosinski},
	title     = {Deep Generative Stochastic Networks Trainable by Backprop},
	booktitle = {Proceedings of the 31th International Conference on Machine Learning,
	{ICML} 2014, Beijing, China, 21-26 June 2014},
	series    = {{JMLR} Workshop and Conference Proceedings},
	volume    = {32},
	pages     = {226--234},
	publisher = {JMLR.org},
	year      = {2014},
	url       = {http://proceedings.mlr.press/v32/bengio14.html},
	timestamp = {Wed, 29 May 2019 08:41:45 +0200},
	biburl    = {https://dblp.org/rec/conf/icml/BengioLAY14.bib},
	bibsource = {dblp computer science bibliography, https://dblp.org}
}

@inproceedings{SutskeverSeq2seqNN,
	author    = {Ilya Sutskever and Oriol Vinyals and Quoc V. Le},
	editor    = {Zoubin Ghahramani and
	Max Welling and
	Corinna Cortes and
	Neil D. Lawrence and
	Kilian Q. Weinberger},
	title     = {Sequence to Sequence Learning with Neural Networks},
	booktitle = {Advances in Neural Information Processing Systems 27: Annual Conference
	on Neural Information Processing Systems 2014, December 8-13 2014,
	Montreal, Quebec, Canada},
	pages     = {3104--3112},
	year      = {2014},
	url       = {https://proceedings.neurips.cc/paper/2014/hash/a14ac55a4f27472c5d894ec1c3c743d2-Abstract.html},
	timestamp = {Thu, 21 Jan 2021 15:15:23 +0100},
	biburl    = {https://dblp.org/rec/conf/nips/SutskeverVL14.bib},
	bibsource = {dblp computer science bibliography, https://dblp.org}
}

@inproceedings{PointerNVinyals,
	author    = {Oriol Vinyals and
	Meire Fortunato and
	Navdeep Jaitly},
	editor    = {Corinna Cortes and
	Neil D. Lawrence and
	Daniel D. Lee and
	Masashi Sugiyama and
	Roman Garnett},
	title     = {Pointer Networks},
	booktitle = {Advances in Neural Information Processing Systems 28: Annual Conference
	on Neural Information Processing Systems 2015, December 7-12, 2015,
	Montreal, Quebec, Canada},
	pages     = {2692--2700},
	year      = {2015},
	url       = {https://proceedings.neurips.cc/paper/2015/hash/29921001f2f04bd3baee84a12e98098f-Abstract.html},
	timestamp = {Thu, 21 Jan 2021 15:15:22 +0100},
	biburl    = {https://dblp.org/rec/conf/nips/VinyalsFJ15.bib},
	bibsource = {dblp computer science bibliography, https://dblp.org}
}

@inproceedings{BahdanauAlignTrans,
	author    = {Dzmitry Bahdanau and
	Kyunghyun Cho and
	Yoshua Bengio},
	editor    = {Yoshua Bengio and
	Yann LeCun},
	title     = {Neural Machine Translation by Jointly Learning to Align and Translate},
	booktitle = {3rd International Conference on Learning Representations, {ICLR} 2015,
	San Diego, CA, USA, May 7-9, 2015, Conference Track Proceedings},
	year      = {2015},
	url       = {http://arxiv.org/abs/1409.0473},
	timestamp = {Wed, 17 Jul 2019 10:40:54 +0200},
	biburl    = {https://dblp.org/rec/journals/corr/BahdanauCB14.bib},
	bibsource = {dblp computer science bibliography, https://dblp.org}
}

@article{bello2016neural,
	title={Neural combinatorial optimization with reinforcement learning},
	author={Bello, Irwan and Pham, Hieu and Le, Quoc V and Norouzi, Mohammad and Bengio, Samy},
	journal={arXiv preprint arXiv:1611.09940},
	year={2016}
}

@inproceedings{NazariRL,
	author    = {MohammadReza Nazari and
	Afshin Oroojlooy and
	Lawrence V. Snyder and
	Martin Tak{\'{a}}c},
	editor    = {Samy Bengio and
	Hanna M. Wallach and
	Hugo Larochelle and
	Kristen Grauman and
	Nicol{\`{o}} Cesa{-}Bianchi and
	Roman Garnett},
	title     = {Reinforcement Learning for Solving the Vehicle Routing Problem},
	booktitle = {Advances in Neural Information Processing Systems 31: Annual Conference
	on Neural Information Processing Systems 2018, NeurIPS 2018, December
	3-8, 2018, Montr{\'{e}}al, Canada},
	pages     = {9861--9871},
	year      = {2018},
	url       = {https://proceedings.neurips.cc/paper/2018/hash/9fb4651c05b2ed70fba5afe0b039a550-Abstract.html},
	timestamp = {Thu, 21 Jan 2021 15:15:21 +0100},
	biburl    = {https://dblp.org/rec/conf/nips/NazariOST18.bib},
	bibsource = {dblp computer science bibliography, https://dblp.org}
}
@inproceedings{SetAE,
	title={The Set Autoencoder: Unsupervised Representation Learning for Sets},
	author={Malte Probst},
	year={2018}
}

@article{OrderMatters,
	title={Order Matters: Sequence to sequence for sets},
	author={Oriol Vinyals and Samy Bengio and Manjunath Kudlur},
	journal={CoRR},
	year={2016},
	volume={abs/1511.06391}
}

@inproceedings{BelloNCORL,
	author    = {Irwan Bello and
	Hieu Pham and
	Quoc V. Le and
	Mohammad Norouzi and
	Samy Bengio},
	title     = {Neural Combinatorial Optimization with Reinforcement Learning},
	booktitle = {5th International Conference on Learning Representations, {ICLR} 2017,
	Toulon, France, April 24-26, 2017, Workshop Track Proceedings},
	publisher = {OpenReview.net},
	year      = {2017},
	url       = {https://openreview.net/forum?id=Bk9mxlSFx},
	timestamp = {Thu, 04 Apr 2019 13:20:08 +0200},
	biburl    = {https://dblp.org/rec/conf/iclr/BelloPL0B17.bib},
	bibsource = {dblp computer science bibliography, https://dblp.org}
}

@article{VeraHVRP,
	author    = {Jos{\'{e}} Manuel Vera and
	Andres G. Abad},
	title     = {Deep Reinforcement Learning for Routing a Heterogeneous Fleet of Vehicles},
	journal   = {CoRR},
	volume    = {abs/1912.03341},
	year      = {2019},
	url       = {http://arxiv.org/abs/1912.03341},
	eprinttype = {arXiv},
	eprint    = {1912.03341},
	timestamp = {Thu, 02 Jan 2020 18:08:18 +0100},
	biburl    = {https://dblp.org/rec/journals/corr/abs-1912-03341.bib},
	bibsource = {dblp computer science bibliography, https://dblp.org}
}

@article{ChenHVRP,
	author    = {Xinwei Chen and
	Marlin W. Ulmer and
	Barrett W. Thomas},
	title     = {Deep Q-Learning for Same-Day Delivery with a Heterogeneous Fleet of
	Vehicles and Drones},
	journal   = {CoRR},
	volume    = {abs/1910.11901},
	year      = {2019},
	url       = {http://arxiv.org/abs/1910.11901},
	eprinttype = {arXiv},
	eprint    = {1910.11901},
	timestamp = {Thu, 31 Oct 2019 14:02:26 +0100},
	biburl    = {https://dblp.org/rec/journals/corr/abs-1910-11901.bib},
	bibsource = {dblp computer science bibliography, https://dblp.org}
}

@article{ZhangWVRP,
	author    = {Ke Zhang and
	Meng Li and
	Zhengchao Zhang and
	Xi Lin and
	Fang He},
	title     = {Multi-Vehicle Routing Problems with Soft Time Windows: {A} Multi-Agent
	Reinforcement Learning Approach},
	journal   = {CoRR},
	volume    = {abs/2002.05513},
	year      = {2020},
	url       = {https://arxiv.org/abs/2002.05513},
	eprinttype = {arXiv},
	eprint    = {2002.05513},
	timestamp = {Thu, 18 Feb 2021 10:45:52 +0100},
	biburl    = {https://dblp.org/rec/journals/corr/abs-2002-05513.bib},
	bibsource = {dblp computer science bibliography, https://dblp.org}
}

@inproceedings{KhaliGraph,
	author    = {Elias B. Khalil and
	Bistra Dilkina and
	George L. Nemhauser and
	Shabbir Ahmed and
	Yufen Shao},
	editor    = {Carles Sierra},
	title     = {Learning to Run Heuristics in Tree Search},
	booktitle = {Proceedings of the Twenty-Sixth International Joint Conference on
	Artificial Intelligence, {IJCAI} 2017, Melbourne, Australia, August
	19-25, 2017},
	pages     = {659--666},
	publisher = {ijcai.org},
	year      = {2017},
	url       = {https://doi.org/10.24963/ijcai.2017/92},
	doi       = {10.24963/ijcai.2017/92},
	timestamp = {Sat, 19 Oct 2019 20:33:04 +0200},
	biburl    = {https://dblp.org/rec/conf/ijcai/KhalilDNAS17.bib},
	bibsource = {dblp computer science bibliography, https://dblp.org}
}

@article{MnihQLearning,
	author    = {Volodymyr Mnih and
	Koray Kavukcuoglu and
	David Silver and
	Andrei A. Rusu and
	Joel Veness and
	Marc G. Bellemare and
	Alex Graves and
	Martin A. Riedmiller and
	Andreas Fidjeland and
	Georg Ostrovski and
	Stig Petersen and
	Charles Beattie and
	Amir Sadik and
	Ioannis Antonoglou and
	Helen King and
	Dharshan Kumaran and
	Daan Wierstra and
	Shane Legg and
	Demis Hassabis},
	title     = {Human-level control through deep reinforcement learning},
	journal   = {Nat.},
	volume    = {518},
	number    = {7540},
	pages     = {529--533},
	year      = {2015},
	url       = {https://doi.org/10.1038/nature14236},
	doi       = {10.1038/nature14236},
	timestamp = {Mon, 08 Jun 2020 22:21:32 +0200},
	biburl    = {https://dblp.org/rec/journals/nature/MnihKSRVBGRFOPB15.bib},
	bibsource = {dblp computer science bibliography, https://dblp.org}
}

@inproceedings{KoolAttention,
	author    = {Wouter Kool and
	Herke van Hoof and
	Max Welling},
	title     = {Attention, Learn to Solve Routing Problems!},
	booktitle = {7th International Conference on Learning Representations, {ICLR} 2019,
	New Orleans, LA, USA, May 6-9, 2019},
	publisher = {OpenReview.net},
	year      = {2019},
	url       = {https://openreview.net/forum?id=ByxBFsRqYm},
	timestamp = {Fri, 17 Apr 2020 14:12:00 +0200},
	biburl    = {https://dblp.org/rec/conf/iclr/KoolHW19.bib},
	bibsource = {dblp computer science bibliography, https://dblp.org}
}

@article{GoncalvesGenAlg,
	author    = {Jos{\'{e}} Fernando Gon{\c{c}}alves and
	Mauricio G. C. Resende},
	title     = {A parallel multi-population biased random-key genetic algorithm for
	a container loading problem},
	journal   = {Comput. Oper. Res.},
	volume    = {39},
	number    = {2},
	pages     = {179--190},
	year      = {2012},
	url       = {https://doi.org/10.1016/j.cor.2011.03.009},
	doi       = {10.1016/j.cor.2011.03.009},
	timestamp = {Tue, 18 Feb 2020 13:55:50 +0100},
	biburl    = {https://dblp.org/rec/journals/cor/GoncalvesR12.bib},
	bibsource = {dblp computer science bibliography, https://dblp.org}
}

@inproceedings{LeCun1987,
	title={PhD thesis: Modeles connexionnistes de l'apprentissage (connectionist learning models)},
	author={Yann LeCun},
	year={1987}
}

@inproceedings{HintonAutoencoders,
	title={Autoencoders, Minimum Description Length and Helmholtz Free Energy},
	author={Geoffrey E. Hinton and Richard S. Zemel},
	booktitle={NIPS},
	year={1993}
}

@article{TrajectoryCompres,
	title={Compression of Vehicle Trajectories with a Variational Autoencoder},
	author={Oliv{\'e}r R{\'a}kos and Szil{\'a}rd Aradi and Tam{\'a}s B{\'e}csi and Zsolt Szalay},
	journal={Applied Sciences},
	year={2020},
	volume={10},
	pages={6739}
}

@article{VAESparseData,
	author    = {Dmitry Utyamishev and
	Inna Partin{-}Vaisband},
	title     = {Progressive {VAE} Training on Highly Sparse and Imbalanced Data},
	journal   = {CoRR},
	volume    = {abs/1912.08283},
	year      = {2019},
	url       = {http://arxiv.org/abs/1912.08283},
	eprinttype = {arXiv},
	eprint    = {1912.08283},
	timestamp = {Fri, 03 Jan 2020 16:10:45 +0100},
	biburl    = {https://dblp.org/rec/journals/corr/abs-1912-08283.bib},
	bibsource = {dblp computer science bibliography, https://dblp.org}
}

@article{NeuralLargeHottung,
	author    = {Andr{\'{e}} Hottung and
	Kevin Tierney},
	title     = {Neural Large Neighborhood Search for the Capacitated Vehicle Routing
	Problem},
	journal   = {CoRR},
	volume    = {abs/1911.09539},
	year      = {2019},
	url       = {http://arxiv.org/abs/1911.09539},
	eprinttype = {arXiv},
	eprint    = {1911.09539},
	timestamp = {Tue, 03 Dec 2019 14:15:54 +0100},
	biburl    = {https://dblp.org/rec/journals/corr/abs-1911-09539.bib},
	bibsource = {dblp computer science bibliography, https://dblp.org}
}

@article{Hopfield1982,
	title={Neural networks and physical systems with emergent collective computational abilities.},
	author={John J. Hopfield},
	journal={Proceedings of the National Academy of Sciences of the United States of America},
	year={1982},
	volume={79 8},
	pages={
	2554-8
	}
}

@article{Hinton2006,
	title={Reducing the Dimensionality of Data with Neural Networks},
	author={Geoffrey E. Hinton and Ruslan Salakhutdinov},
	journal={Science},
	year={2006},
	volume={313},
	pages={504 - 507}
}

@article{Bengio09,
	author    = {Yoshua Bengio},
	title     = {Learning Deep Architectures for {AI}},
	journal   = {Found. Trends Mach. Learn.},
	volume    = {2},
	number    = {1},
	pages     = {1--127},
	year      = {2009},
	url       = {https://doi.org/10.1561/2200000006},
	doi       = {10.1561/2200000006},
	timestamp = {Thu, 18 Jun 2020 22:08:17 +0200},
	biburl    = {https://dblp.org/rec/journals/ftml/Bengio09.bib},
	bibsource = {dblp computer science bibliography, https://dblp.org}
}

@article{HectorMasson,
	author    = {H√©ctor Felipe Mass√≥n Rosquete},
	title     = {Exploraci√≥n de vecindades grandes en el Problema de Enrutamiento de Veh√≠culos usando t√©cnicas estad√≠sticas.},
	year      = {2020},
	type = {Tesis de Licenciatura},
	institution = {Universidad de La Habana},
	date = {Mayo de 2020},
}

@article{JJ,
	author = {Jos√© Jorge Rodr√≠guez Salgado},
	title = {Una propuesta para la evaluaci√≥n autom√°tica de soluciones vecinas en un Problema de Enrutamiento de Veh√≠culos a partir del grafo de evaluaci√≥n de una soluci√≥n},
	year      = {2020},	
}

@article{Camila,
	author = {Camila P√©rez Mosquera},
	title = {Primeras aproximaciones a la B√∫squeda de Vecindad Infinitamente Variable},
	year      = {2017},	
}

@article{Daniela,
	author = {Daniela Gonz√°lez Beltr√°n},
	title = {Generaci√≥n autom√°tica de gram√°ticas para la obtenci√≥n de infinitos criterios de vecindad en el problema de enrutamiento de
	veh√≠culos},
	year      = {2019},	
}

@article{SemiSupAndrew,
	author    = {Andrew M. Dai and Quoc V. Le},
	title     = {Semi-supervised Sequence Learning},
	journal   = {CoRR},
	volume    = {abs/1511.01432},
	year      = {2015},
	url       = {http://arxiv.org/abs/1511.01432},
	eprinttype = {arXiv},
	eprint    = {1511.01432},
	timestamp = {Mon, 13 Aug 2018 16:49:17 +0200},
	biburl    = {https://dblp.org/rec/journals/corr/DaiL15a.bib},
	bibsource = {dblp computer science bibliography, https://dblp.org}
}

@article{LemosGraph,
	author    = {Henrique Lemos and
	Marcelo O. R. Prates and
	Pedro H. C. Avelar and
	Lu{\'{\i}}s C. Lamb},
	title     = {Graph Colouring Meets Deep Learning: Effective Graph Neural Network
	Models for Combinatorial Problems},
	journal   = {CoRR},
	volume    = {abs/1903.04598},
	year      = {2019},
	url       = {http://arxiv.org/abs/1903.04598},
	eprinttype = {arXiv},
	eprint    = {1903.04598},
	timestamp = {Sat, 25 Apr 2020 13:54:21 +0200},
	biburl    = {https://dblp.org/rec/journals/corr/abs-1903-04598.bib},
	bibsource = {dblp computer science bibliography, https://dblp.org}
}

@inproceedings{PratesGraph,
	author    = {Marcelo O. R. Prates and
	Pedro H. C. Avelar and
	Henrique Lemos and
	Lu{\'{\i}}s C. Lamb and
	Moshe Y. Vardi},
	title     = {Learning to Solve NP-Complete Problems: {A} Graph Neural Network for
	Decision {TSP}},
	booktitle = {The Thirty-Third {AAAI} Conference on Artificial Intelligence, {AAAI}
	2019, The Thirty-First Innovative Applications of Artificial Intelligence
	Conference, {IAAI} 2019, The Ninth {AAAI} Symposium on Educational
	Advances in Artificial Intelligence, {EAAI} 2019, Honolulu, Hawaii,
	USA, January 27 - February 1, 2019},
	pages     = {4731--4738},
	publisher = {{AAAI} Press},
	year      = {2019},
	url       = {https://doi.org/10.1609/aaai.v33i01.33014731},
	doi       = {10.1609/aaai.v33i01.33014731},
	timestamp = {Tue, 02 Feb 2021 08:00:14 +0100},
	biburl    = {https://dblp.org/rec/conf/aaai/PratesALLV19.bib},
	bibsource = {dblp computer science bibliography, https://dblp.org}
}

@article{ExactSpanningToth,
	title={Exact algorithms for the vehicle routing problem, based on spanning tree and shortest path relaxations},
	author={Nicos Christofides and Aristide Mingozzi and Paolo Toth},
	journal={Mathematical Programming},
	year={1981},
	volume={20},
	pages={255-282}
}

@article{ExactBackhaulsVigo,
	author = {Toth, Paolo and Vigo, Daniele},
	year = {1997},
	month = {11},
	pages = {372-385},
	title = {An Exact Algorithm for the Vehicle Routing Problem with Backhauls},
	volume = {31},
	journal = {Transportation Science},
	doi = {10.1287/trsc.31.4.372}
}

@article{ExactSurveyGilbert,
	author = {Laporte, Gilbert and Nobert, Yves},
	year = {1987},
	month = {12},
	pages = {},
	title = {Exact Algorithm for the Vehicle Routing Problem},
	volume = {31},
	isbn = {9780444701367},
	journal = {Ann Discr Math},
	doi = {10.1016/S0304-0208(08)73235-3}
}

@article{Nazari2018DeepRL,
	title={Deep Reinforcement Learning for Solving the Vehicle Routing Problem},
	author={M. Nazari and Afshin Oroojlooy and Lawrence V. Snyder and Martin Tak{\'a}c},
	journal={ArXiv},
	year={2018},
	volume={abs/1802.04240}
}
@inproceedings{Joe2020DeepRL,
	title={Deep Reinforcement Learning Approach to Solve Dynamic Vehicle Routing Problem with Stochastic Customers},
	author={Waldy Joe and Hoong Chuin Lau},
	booktitle={ICAPS},
	year={2020}
}

@article{Xing2020AGNMCTS,
	title={A Graph Neural Network Assisted Monte Carlo Tree Search Approach to Traveling Salesman Problem},
	author={Zhihao Xing and Shikui Tu},
	journal={IEEE Access},
	year={2020},
	volume={8},
	pages={108418-108428}
}

@article{AlphaGoMCTS,
	author = {Silver, David and Huang, Aja and Maddison, Christopher and Guez, Arthur and Sifre, Laurent and Driessche, George and Schrittwieser, Julian and Antonoglou, Ioannis and Panneershelvam, Veda and Lanctot, Marc and Dieleman, Sander and Grewe, Dominik and Nham, John and Kalchbrenner, Nal and Sutskever, Ilya and Lillicrap, Timothy and Leach, Madeleine and Kavukcuoglu, Koray and Graepel, Thore and Hassabis, Demis},
	year = {2016},
	month = {01},
	pages = {484-489},
	title = {Mastering the game of Go with deep neural networks and tree search},
	volume = {529},
	journal = {Nature},
	doi = {10.1038/nature16961}
}

@article{MLOptimization,
	author = {Gambella, Claudio and Ghaddar, Bissan and Naoum-Sawaya, Joe},
	year = {2020},
	month = {08},
	pages = {},
	title = {Optimization Problems for Machine Learning: A Survey},
	volume = {290},
	journal = {European Journal of Operational Research},
	doi = {10.1016/j.ejor.2020.08.045}
}

@inproceedings{MLVRPSurvey,
	author = {Czuba, Przemys≈Çaw and Pierzcha≈Ça, Dariusz},
	year = {2021},
	month = {01},
	pages = {},
	title = {Machine Learning methods for solving Vehicle Routing Problems}
}

@article{deng2014deep,
	title={Deep learning: methods and applications},
	author={Deng, Li and Yu, Dong},
	journal={Foundations and trends in signal processing},
	volume={7},
	number={3--4},
	pages={197--387},
	year={2014},
	publisher={Now Publishers Inc. Hanover, MA, USA}
}

@article{RNNVinyals,
	author = {Zaremba, Wojciech and Sutskever, Ilya and Vinyals, Oriol},
	year = {2014},
	month = {09},
	pages = {},
	title = {Recurrent Neural Network Regularization}
}

@inproceedings{zhou2017anomaly,
	title={Anomaly detection with robust deep autoencoders},
	author={Zhou, Chong and Paffenroth, Randy C},
	booktitle={Proceedings of the 23rd ACM SIGKDD international conference on knowledge discovery and data mining},
	pages={665--674},
	year={2017}
}

@inproceedings{sakurada2014anomaly,
	title={Anomaly detection using autoencoders with nonlinear dimensionality reduction},
	author={Sakurada, Mayu and Yairi, Takehisa},
	booktitle={Proceedings of the MLSDA 2014 2nd workshop on machine learning for sensory data analysis},
	pages={4--11},
	year={2014}
}

@article{zeng2018facial,
	title={Facial expression recognition via learning deep sparse autoencoders},
	author={Zeng, Nianyin and Zhang, Hong and Song, Baoye and Liu, Weibo and Li, Yurong and Dobaie, Abdullah M},
	journal={Neurocomputing},
	volume={273},
	pages={643--649},
	year={2018},
	publisher={Elsevier}
}

@article{chen2018softmax,
	title={Softmax regression based deep sparse autoencoder network for facial emotion recognition in human-robot interaction},
	author={Chen, Luefeng and Zhou, Mengtian and Su, Wanjuan and Wu, Min and She, Jinhua and Hirota, Kaoru},
	journal={Information Sciences},
	volume={428},
	pages={49--61},
	year={2018},
	publisher={Elsevier}
}

@inproceedings{masci2011stacked,
	title={Stacked convolutional auto-encoders for hierarchical feature extraction},
	author={Masci, Jonathan and Meier, Ueli and Cire{\c{s}}an, Dan and Schmidhuber, J{\"u}rgen},
	booktitle={International conference on artificial neural networks},
	pages={52--59},
	year={2011},
	organization={Springer}
}

@inproceedings{rifai2011contractive,
	title={Contractive auto-encoders: Explicit invariance during feature extraction},
	author={Rifai, Salah and Vincent, Pascal and Muller, Xavier and Glorot, Xavier and Bengio, Yoshua},
	booktitle={Icml},
	year={2011}
}

@article{VAETutorial,
	author    = {Carl Doersch},
	title     = {Tutorial on Variational Autoencoders},
	journal   = {CoRR},
	volume    = {abs/1606.05908},
	year      = {2016},
	url       = {http://arxiv.org/abs/1606.05908},
	eprinttype = {arXiv},
	eprint    = {1606.05908},
	timestamp = {Mon, 13 Aug 2018 16:46:39 +0200},
	biburl    = {https://dblp.org/rec/journals/corr/Doersch16.bib},
	bibsource = {dblp computer science bibliography, https://dblp.org}
}

@article{GenModelExample,
	author    = {Alex Krizhevsky and
	Ilya Sutskever and
	Geoffrey E. Hinton},
	title     = {ImageNet classification with deep convolutional neural networks},
	journal   = {Commun. {ACM}},
	volume    = {60},
	number    = {6},
	pages     = {84--90},
	year      = {2017},
	url       = {http://doi.acm.org/10.1145/3065386},
	doi       = {10.1145/3065386},
	timestamp = {Sun, 02 Jun 2019 20:48:58 +0200},
	biburl    = {https://dblp.org/rec/journals/cacm/KrizhevskySH17.bib},
	bibsource = {dblp computer science bibliography, https://dblp.org}
}

@misc{SubOptTSPSolver,
	title 	= {Suboptimal travelling salesman problem (tsp) solver},
	OPTyear    = {2015},
	OPTurl 	= {https://github.com/dmishin/tsp-solver}
}

@online{keras,
	title={Keras},
	author={Chollet, Francois and others},
	publisher={GitHub},
	url={https://github.com/keras-team/keras},
}

@inproceedings{AECClasif,
	author    = {Weishan Dong and
	Ting Yuan and
	Kai Yang and
	Changsheng Li and
	Shilei Zhang},
	editor    = {Carles Sierra},
	title     = {Autoencoder Regularized Network For Driving Style Representation Learning},
	booktitle = {Proceedings of the Twenty-Sixth International Joint Conference on
	Artificial Intelligence, {IJCAI} 2017, Melbourne, Australia, August
	19-25, 2017},
	pages     = {1603--1609},
	publisher = {ijcai.org},
	year      = {2017},
	url       = {https://doi.org/10.24963/ijcai.2017/222},
	doi       = {10.24963/ijcai.2017/222},
	timestamp = {Tue, 20 Aug 2019 16:17:43 +0200},
	biburl    = {https://dblp.org/rec/conf/ijcai/DongYYLZ17.bib},
	bibsource = {dblp computer science bibliography, https://dblp.org}
}

@article{autoencoders2020,
	title={Autoencoders},
	author={Bank, Dor and Koenigstein, Noam and Giryes, Raja},
	journal={arXiv preprint arXiv:2003.05991},
	year={2020}
}

@ARTICLE{VAESurveyAplications,
	author={Wei, Ruoqi and Mahmood, Ausif},
	journal={IEEE Access}, 
	title={Recent Advances in Variational Autoencoders With Representation Learning for Biomedical Informatics: A Survey}, 
	year={2021},
	volume={9},
	number={},
	pages={4939-4956},
	doi={10.1109/ACCESS.2020.3048309}}