

@phdthesis{Alina2017,
	author={Arias, Alina Fern{\'a}ndez},
	title={Modelos y m{\'e}todos para el problema de enrutamiento de veh{\'i}culos con recogida y entrega simult{\'a}nea},
	school={Facultad de Matem{\'a}tica y Computaci{\'o}n, Universidad de La Habana},
	year={2017}
}

@mastersthesis{Alina2010,
	author={Arias, Alina Fern{\'a}ndez},
	title={PROBLEMA DE ENRUTAMIENTO DE VEH{\'I}CULOS CON RECOGIDA Y ENTREGA SIMULT{\'A}NEA CONSIDERANDO UNA FLOTA HETEROG{\'E}NEA},
	school={Facultad de Matem{\'a}tica y Computaci{\'o}n, Universidad de La Habana},
	year={2010},
	address={La Habana, Cuba},
	month=jul
}

@mastersthesis{Camila,
	author = "Camila P\'erez Mosquera",
	title = "Primeras aproximaciones a la B\'usqueda de Vecindad Infinitamente Variable.",
	school = "Facultad de Matem\'atica y Computaci\'on, Universidad de La Habana",
	year = "2017",
	address = "La Habana, Cuba",
	month = may
}

@article{Daniela,
	title={Generación automática de gramáticas para la
	obtención de infinitos criterios de vecindad
	en el problema de enrutamiento de
	vehículos},
	author={Daniela González Beltrán},
	year={2019},
}

@mastersthesis{Heidy,
	author = "Heidy Abreu Fumero",
	title = "Exploraci\'on de una Vecindad para una soluci\'on de VRP combinando diferentes Estrategias de exploraci\'on y de Selecci\'on.",
	school = "Facultad de Matem\'atica y Computaci\'on, Universidad de La Habana",
	year = "2019",
	address = "La Habana, Cuba",
	month = may
}


@article{Hector,
	title={Exploración de vecindades grandes en el
	Problema de Enrutamiento de Vehículos
	usando técnicas estadísticas},
	author={Héctor Felipe Massón Rosquete},
	year={2020},
}

@article{JJ,
	title={Una propuesta para la evaluación automática
	de soluciones vecinas en un
	Problema de Enrutamiento de Vehículos
	a partir del grafo de evaluación
	de una solución},
	author={José Jorge Rodríguez Salgado},
	year={2020},
}

@article{factoid,
	author={Prentice, B.E. and D. Prokop},
	year={2016},
	title={Concepts of Transport Economics},
	journal={World Scientific Publishing}
}

@article{CVRP,
	title={The truck dispatching problem},
	author={Dantzig, George B and Ramser, John H},
	journal={Management science},
	volume={6},
	number={1},
	pages={80--91},
	year={1959},
	publisher={Informs}
}

@article{multi,
	title={A Multi-Product. Multi-Depot Periodic Distribution Problem},
	author={P Parthanadee},
	year={2002}
}

@article{1997tabu,
	title={A tabu search heuristic for the vehicle routing problem with soft time windows},
	author={Taillard, {\'E}ric and Badeau, Philippe and Gendreau, Michel and Guertin, Fran{\c{c}}ois and Potvin, Jean-Yves},
	journal={Transportation science},
	volume={31},
	number={2},
	pages={170--186},
	year={1997},
	publisher={INFORMS}
}

@article{1964scheduling,
	title={Scheduling of vehicles from a central depot to a number of delivery points},
	author={Clarke, Geoff and Wright, John W},
	journal={Operations research},
	volume={12},
	number={4},
	pages={568--581},
	year={1964},
	publisher={Informs}
}

@article{1974networks,
	title={Networks and vehicle routing for municipal waste collection},
	author={Beltrami, Edward J and Bodin, Lawrence D},
	journal={Networks},
	volume={4},
	number={1},
	pages={65--94},
	year={1974},
	publisher={Wiley Online Library}
}

@article{1981complexity,
	title={Complexity of vehicle routing and scheduling problems},
	author={Lenstra, Jan Karel and Kan, AHG Rinnooy},
	journal={Networks},
	volume={11},
	number={2},
	pages={221--227},
	year={1981},
	publisher={Wiley Online Library}
}

@article{2002vehicle,
	title={The Vehicle Routing Problem. Monographs},
	author={Toth, P and Vigo, D},
	journal={Discrete Mathematics and Applications, Society for Industrial and Applied Mathematics, Philadelphia},
	year={2002}
}